@thesis{t1,
	author = {امیر, پناهنده ثمرین},
	title = {بررسی رویکرد های حقوق بین الملل و حقوق داخلی نسبت به حفاظت از تنوع زیستی به عنوان میراث مشترک},
	type = {پایان نامه کارشناسی ارشد حقوق محیط زیست},
	institution = {دانشگاه شهید بهشتی},
	date = {1395},
	language = {persian}
}

@thesis{t2,
	author = {محمد مهدی, وزیری},
	title = {تاثیر تغییرات اقلیمی بر حق بر آینده سبز}
	type = {پایان نامه کارشناسی ارشد حقوق محیط زیست}
	institution = {دانشگاه شهید بهشتی}
	date = {1397}
	language = {persian}
	}